@online{img:crud-logo,
  author  = {Ola Mishina},
  title   = {Explicación de CRUD},
  year    = {2023},
  url     = {https://miro.medium.com/v2/resize:fit:1400/1*DI5wwLcQV-b3erfLIbvfFQ.jpeg}
}

@online{img:front-back,
  author  = {Ken Ruiz Inoue},
  title   = {Visual Front Back},
  year    = {2019},
  url     = {https://miro.medium.com/v2/resize:fit:4800/format:webp/1*Hy-RTBZiiqFH9sLHZKDRlQ.png}
}

@online{img:angular-logo,
  author  = {Wikipedia},
  title   = {Logotipo de Angular},
  year    = {2016},
  url     = {https://upload.wikimedia.org/wikipedia/commons/thumb/c/cf/Angular_full_color_logo.svg/512px-Angular_full_color_logo.svg.png}
}

@online{img:typescript-logo,
  author  = {Wikipedia},
  title   = {Logotipo de TypeScript},
  year    = {2020},
  url     = {https://upload.wikimedia.org/wikipedia/commons/thumb/4/4c/Typescript_logo_2020.svg/512px-Typescript_logo_2020.svg.png}
}

@online{img:html-logo,
  author  = {Wikipedia},
  title   = {Logotipo de HTML},
  year    = {2011},
  url     = {https://upload.wikimedia.org/wikipedia/commons/thumb/6/61/HTML5_logo_and_wordmark.svg/512px-HTML5_logo_and_wordmark.svg.png}
}

@online{img:css-logo,
  author  = {Wikipedia},
  title   = {Logotipo de CSS},
  year    = {2016},
  url     = {https://upload.wikimedia.org/wikipedia/commons/thumb/d/d5/CSS3_logo_and_wordmark.svg/363px-CSS3_logo_and_wordmark.svg.png}
}

@online{img:net-logo,
  author  = {Wikipedia},
  title   = {Logotipo de .NET Core},
  year    = {2017},
  url     = {https://upload.wikimedia.org/wikipedia/commons/thumb/e/ee/.NET_Core_Logo.svg/512px-.NET_Core_Logo.svg.png}
}

@online{img:vscode-logo,
  author  = {Wikipedia},
  title   = {Logotipo de Visual Studio Code},
  year    = {2019},
  url     = {https://upload.wikimedia.org/wikipedia/commons/thumb/9/9a/Visual_Studio_Code_1.35_icon.svg/512px-Visual_Studio_Code_1.35_icon.svg.png}
}

@online{img:vistualstudio-logo,
  author  = {Wikipedia},
  title   = {Logotipo de Visual Studio 2022},
  year    = {2021},
  url     = {https://upload.wikimedia.org/wikipedia/commons/thumb/2/2c/Visual_Studio_Icon_2022.svg/193px-Visual_Studio_Icon_2022.svg.png}
}

@online{img:latex-logo,
  author  = {Wikipedia},
  title   = {Logotipo de LaTeX},
  year    = {2019},
  url     = {https://upload.wikimedia.org/wikipedia/commons/thumb/9/92/LaTeX_logo.svg/960px-LaTeX_logo.svg.png}
}

@online{img:overleaf-logo,
  author  = {Overleaf},
  title   = {Logotipo de Overleaf},
  url     = {https://images.ctfassets.net/nrgyaltdicpt/3nesOc6iRhdzatUCC5OKWo/ea0fc03647a5f6a903a9aacc357481b2/overleaf-o-logo-primary.jpg}
}

@online{img:git-logo,
  author  = {Wikipedia},
  title   = {Logotipo de Git},
  year    = {2012},
  url     = {https://upload.wikimedia.org/wikipedia/commons/thumb/e/e0/Git-logo.svg/512px-Git-logo.svg.png}
}

@online{img:github-logo,
  author  = {Wikipedia},
  title   = {Logotipo de GitHub},
  url     = {https://upload.wikimedia.org/wikipedia/commons/thumb/c/c2/GitHub_Invertocat_Logo.svg/250px-GitHub_Invertocat_Logo.svg.png}
}

@online{img:heidi-logo,
  author  = {Wikipedia},
  title   = {Logotipo de HeidiSql},
  year    = {2011},
  url     = {https://upload.wikimedia.org/wikipedia/commons/thumb/3/32/HeidiSQL_logo_image.png/960px-HeidiSQL_logo_image.png}
}

@online{img:mysql-logo,
  author  = {Logo wine},
  title   = {Logotipo de MySQL},
  url     = {https://download.logo.wine/logo/MySQL/MySQL-Logo.wine.png}
}

@online{img:ai-studio-logo,
  author  = {Google},
  title   = {Logotipo de Google AI Studio},
  url     = {https://ai.google.dev/static/site-assets/images/share-ais-02.png}
}

@online{img:aws-logo,
  author  = {Wikipedia},
  title   = {Logotipo de Amazon Web Services},
  url     = {https://upload.wikimedia.org/wikipedia/commons/thumb/9/93/Amazon_Web_Services_Logo.svg/330px-Amazon_Web_Services_Logo.svg.png}
}

@online{img:sonarqube-logo,
  author  = {Eclipsepedia},
  title   = {Logotipo de SonarQube},
  url     = {https://wiki.eclipse.org/images/8/88/Sonarqube.png}
}

@misc{ course:angular_legacy,
	title = {Legacy - Angular: De cero a experto},
	url = {https://www.udemy.com/course/angular-2-fernando-herrera/},
	abstract = {Todo lo que necesitas saber de angular utilizando TypeScript y buenas prácticas ofrecidas por el equipo de angular.},
	language = {Español},
	author = {Herrera, Fernando},
	year = {2024}
}

@misc{ course:angular_midudev,
	title = {Aprende ANGULAR 17 desde cero para principiantes GRATIS},
	url = {https://youtu.be/f7unUpshmpA?si=vOFIHI4GeNqzR9JV},
	abstract = {En este tutorial de Angular 17, desde la instalación, exploraremos cada aspecto del desarrollo con este framework. Desde la configuración inicial con Node.js y Angular CLI hasta la creación de componentes, directivas, eventos y comunicación entre componentes. Además, abordaremos temas avanzados como rendimiento, suscripciones a eventos, y soluciones para problemas comunes. },
	language = {Español},
	author = {Durán, Miguel Ánglel},
	year = {2023}
}

@misc{ web:angular_hispano,
	title = {Documentación de Angular Hispano},
	url = {https://docs.angular.lat/},
	abstract = {En esta web se puede encontrar toda la documentación de Angular en español. },
	language = {Español},
	author = {Google}
}


@misc{ web:angular_oficial,
	title = {Angular Official Documentation},
	url = {https://angular.dev/},
	abstract = {En esta web se puede encontrar toda la documentación oficial de Angular en inglés. },
	language = {English},
	author = {Google}
}

@misc{ web:net_tutorial,
	title = {Paseo por el lenguaje C sharp},
	url = {https://learn.microsoft.com/es-es/dotnet/csharp/tour-of-csharp/overview},
	abstract = {En esta web se puede encontrar toda la documentación oficial de .NET C sharp. },
	language = {Español},
	author = {Microsoft}
}

@misc{ web:net_documentacion,
	title = {Documentación de .NET},
	url = {https://learn.microsoft.com/es-es/dotnet/},
	abstract = {En esta web se puede encontrar toda la documentación oficial de .NET. },
	language = {Español},
	author = {Microsoft}
}

@misc{ web:net-asp,
	title = {documentación de ASP.NET},
	url = {https://learn.microsoft.com/es-es/aspnet/core/?view=aspnetcore-9.0},
	abstract = {En esta web se puede encontrar toda la documentación oficial de ASP.NET. },
	language = {Español},
	author = {Microsoft}
}

@misc{ web:curso-net,
	title = {Curso .NET Core},
	url = {https://www.youtube.com/playlist?list=PLLJJqiFt6VPrSzPakVEy1_WpwqcWD1vAc},
	abstract = {Curso completo de .NET Core},
	language = {Español},
	author = {Jap Software}
}

@misc{ web:net-web-api,
	title = {.NET 8 Web API and Entity Framework | Full CRUD Course},
	url = {https://www.youtube.com/watch?v=b8fFRX0T38M},
	abstract = {Curso de CRUD en .NET},
	language = {English},
	author = {Patrick God}
}

@misc{ img:raqueta-img,
	title = {raqueta de tenis blanca y azul},
	url = {https://unsplash.com/es/fotos/raqueta-de-tenis-blanca-y-azul-eLZwsPO8cCQ},
	abstract = {Imágen de una raqueta de tenis blanca y azul},
	author = {Hoi Pham}
}

@misc{img:hombre-tenis,
  author       = {Moises Alex},
  title        = {Hombre jugando al tenis},
  year         = {2024},
  howpublished = {Sitio web: Unsplash},
  note         = {Disponible en línea},
  url          = {https://unsplash.com/es/fotos/hombre-jugando-al-tenis-WqI-PbYugn4},
}
