@misc{ web:tipos-cotizacion,
	title = {Tipos de Cotización},
	url = {https://www.seg-social.es/wps/portal/wss/internet/Trabajadores/CotizacionRecaudacionTrabajadores/10721/10957/9932/4315},
	abstract = {En esta web se puede encontrar información sobre los tipos de cotización},
	language = {Español},
	author = {Seguridad Social}
}


@misc{ web:retencion-irpf,
	title = {Retenciones IRPF},
	url = {https://sede.agenciatributaria.gob.es/static_files/Sede/Programas_ayuda/Retenciones/2025/Cuadro_tipos_retenciones_IRPF2025.pdf},
	abstract = {En esta web se puede encontrar información sobre las retenciones e ingresos a cuenta del IRPF},
	language = {Español},
	author = {Agencia Tributaria}
}

@misc{ web:retencion-bbva,
	title = {Retenciones de IRPF en la nómina para 2025},
	url = {https://www.bbva.es/finanzas-vistazo/ef/cuentas/nomina-retencion-irpf.html},
	abstract = {En esta web se puede encontrar información sobre qué consiste la retención del IRPF y cuánto te corresponde pagar, según tu nómina, en 2025},
	language = {Español},
	author = {BBVA}
}

@misc{ web:mvvm,
	title = {Patrón MVVM},
	url = {https://learn.microsoft.com/es-es/dotnet/architecture/maui/mvvm},
	abstract = {En esta web se puede encontrar información sobre qué el patrón MVVM},
	language = {Español},
	author = {Microsoft}
}

@online{img:mvvm-logo,
  author  = {vvauban},
  title   = {Explicación de mvvm},
  url     = {https://custom-images.strikinglycdn.com/res/hrscywv4p/image/upload/c_limit,fl_lossy,h_9000,w_1200,f_auto,q_auto/784839/583280_204328.png}
}


@online{web:repo-front,
  author  = {Ignacio Zaldo González},
  title   = {Repositorio del fron-end en Angular},
  url     = {https://github.com/Nachoozg/tfg}
}

@online{web:repo-back,
  author  = {Ignacio Zaldo González},
  title   = {Repositorio del back-end en .NET},
  url     = {https://github.com/Nachoozg/tfg-back}
}



